<?xml version="1.0" encoding="UTF-8"?><collection><record><leader>06152ntm a2200577 a 4500</leader><controlfield tag="001">006834357</controlfield><controlfield tag="003">MiAaHDL</controlfield><controlfield tag="005">20190719000000.0</controlfield><controlfield tag="006">m        d        </controlfield><controlfield tag="007">cr bn ---auaua</controlfield><controlfield tag="008">090706s17uu    xx            00| ||ara d</controlfield><datafield tag="035" ind1=" " ind2=" "><subfield code="a">(MiU)006834357</subfield></datafield><datafield tag="035" ind1=" " ind2=" "><subfield code="a">sdr-miu006834357</subfield></datafield><datafield tag="040" ind1=" " ind2=" "><subfield code="a">MiU</subfield><subfield code="c">MiU</subfield><subfield code="e">amremm</subfield></datafield><datafield tag="043" ind1=" " ind2=" "><subfield code="a">n-us-mi</subfield></datafield><datafield tag="100" ind1="1" ind2=" "><subfield code="6">880-01</subfield><subfield code="a">Jazūlī, Muḥammad ibn Sulaymān,</subfield><subfield code="d">-1465.</subfield></datafield><datafield tag="245" ind1="1" ind2="0"><subfield code="6">880-03</subfield><subfield code="a">Dalāʼil al-khayrāt wa-shawāriq al-anwār fī dhikr al-ṣalāh ʻalá al-nabī al-mukhtār,</subfield><subfield code="f">[18th century?].</subfield></datafield><datafield tag="260" ind1=" " ind2=" "><subfield code="c">[17--?].</subfield></datafield><datafield tag="300" ind1=" " ind2=" "><subfield code="a">80 leaves :</subfield><subfield code="b">paper ;</subfield><subfield code="c">212 x 156 (160-165 x 93) mm.</subfield></datafield><datafield tag="500" ind1=" " ind2=" "><subfield code="a">Shelfmark: Ann Arbor, University of Michigan, Special Collections Library, Isl. Ms. 1041</subfield></datafield><datafield tag="500" ind1=" " ind2=" "><subfield code="a">Origin: Lacks dated colophon ; paper, decoration, etc. suggest 18th century.</subfield></datafield><datafield tag="500" ind1=" " ind2=" "><subfield code="a">Accompanying materials: a. Slip of paper with notes in hands of Eilts and Jameson [according to R. Dougherty] "Astrological text | various hands with introductions &amp; commentaries [crossed out to read] Prayers. | Date unknown | author unidentified | Brought to RBR on 10-27-70 by Mr. Eilts. | Purchased by Mr. Sulaymān from Librarie Tunisienne in 1967. Letter &amp; invoice in MSS file." and on reverse "Religious text | prayers | Dalāʼil al-Hayrāt [sic] | دلايل الحيرات" (paginated p.1-2).</subfield></datafield><datafield tag="500" ind1=" " ind2=" "><subfield code="a">Former shelfmark: Mich. Isl. Ms. temp. no. 190</subfield></datafield><datafield tag="500" ind1=" " ind2=" "><subfield code="a">Binding: Boards covered in untinted paper with black cloth over spine and fore edge flap ; Type II binding (with flap) ; pastedowns and flyleaves in untinted wove paper ; stab sewn (resewn) in white thread ; overall in fairly qood condition.</subfield></datafield><datafield tag="500" ind1=" " ind2=" "><subfield code="a">Support: European laid paper with 9-10 laid lines per cm. (vertical), chain lines spaced 28 mm. apart (horizontal), and three crescents watermark (perpendicular to the chains, 95 mm. tall, see pp.10, 28-30, etc.) ; well-sized and burnished, sturdy.</subfield></datafield><datafield tag="500" ind1=" " ind2=" "><subfield code="a">Decoration: Many keywords and section headings rubricated, others in green, blue or yellow ; some headings bordered in green or red ; textual dividers in the form of yellow discs ; written area surrounded by red rule-border ; tables of the Prophet's names on the diagonal (with instructions for recitation in margin of p.33) ; depictions of the rawḍah and minbar in yellow with red and green accents (p.42 and p.43).</subfield></datafield><datafield tag="500" ind1=" " ind2=" "><subfield code="a">Script: Maghribī ; spacious, clear hand with slight inclination to the right ; fully vocalized.</subfield></datafield><datafield tag="500" ind1=" " ind2=" "><subfield code="a">Layout: Written in 13 lines per page ; frame-ruled.</subfield></datafield><datafield tag="500" ind1=" " ind2=" "><subfield code="a">Collation: i, IV (8), 7 V(78), I (80), i ; chiefly quinions ; pagination in blue ink, Hindu-Arabic numerals ; pagination in pencil, Western numerals, supplied during digitization (includes insert and flyleaves).</subfield></datafield><datafield tag="500" ind1=" " ind2=" "><subfield code="a">Explicit: "وصلى الله على سيدنا محمد خاتم النبيين وامام المرسلين وعلى اله وصحبه وسلم تسليما انتهى انتهى بحمد الله وحسن عونه والحمد لله رب العالمين"</subfield></datafield><datafield tag="500" ind1=" " ind2=" "><subfield code="a">Incipit: "صلى الله على سيدنا محمد وسلم تسليما قال الشيخ الامام ابو عبد الله محمد بن سليمان الجزولي رحمه الله الحمد لله الذي هدانا للايمان والاسلام والصلاة والسلام على محمد نبيه ... وبعد هذا فالغرض في هذا الكتاب ذكر الصلاة على النبي صلى الله عليه وسلم وفضائلها نذكرها محذوفة الاسانيد ليسهل حفظها على القاري وهي من اهم المهمات لمن يريد القرب من رب الارباب وسميته بكتاب دلائل الخيرات وشوارق الانوار في ذكر الصلاة على النبي المختار ابتغاء لمرضات الله تعالى ومحبة في رسوله الكريم ..."</subfield></datafield><datafield tag="500" ind1=" " ind2=" "><subfield code="a">Title from opening matter on p.21.</subfield></datafield><datafield tag="500" ind1=" " ind2=" "><subfield code="a">Ms. codex.</subfield></datafield><datafield tag="505" ind1="0" ind2=" "><subfield code="a">4. p.154-p.162 : [al-Ṣalāh al-Mashīshīyah and assorted closing prayers and excerpts].</subfield></datafield><datafield tag="505" ind1="0" ind2=" "><subfield code="a">3. p.20-p.153 : Dalāʼil al-khayrāt wa-shawāriq al-anwār fī dhikr al-ṣalāh ʻalá al-nabī al-mukhtār / al-Jazūlī.</subfield></datafield><datafield tag="505" ind1="0" ind2=" "><subfield code="a">2. p.18-p.19 : [incitement / propaganda (taḥrīḍ) for Dalāʼil al-khayrāt and in praise of its author "ولبعض العلماء في التحريض لدلائل الخيرات ومدح مؤلفه رضي الله عنه"].</subfield></datafield><datafield tag="505" ind1="0" ind2=" "><subfield code="a">1. p.5-p.17 : [opening prayers and excerpts].</subfield></datafield><datafield tag="510" ind1="4" ind2=" "><subfield code="a">Witkam, Jan Just. "The battle of the images: Mekka vs. Medina in the iconography of the manuscripts of al-Jazūlī's Dalāʼil al-Khayrāt." In Theoretical approaches to the transmission and edition of Oriental manuscripts. Proceedings of a symposium held in Istanbul, March 28-30, 2001, Eds. Judith Pfeiffer and Manfred Kropp (Beirut: Ergon verlag Würzburg in Kommission, 2007):</subfield><subfield code="c">67-82 and 295-300 (illus.)</subfield></datafield><datafield tag="520" ind1="8" ind2=" "><subfield code="a">Fine Maghribī copy of al-Jazūlī’s (d.869/1465) celebrated collection of prayers for the Prophet, description of his tomb, his names, etc. with opening and closing prayers, etc.</subfield></datafield><datafield tag="538" ind1=" " ind2=" "><subfield code="a">Mode of access: Internet.</subfield></datafield><datafield tag="541" ind1=" " ind2=" "><subfield code="c">Purchase ;</subfield><subfield code="a">Purchased in Egypt by Mr. Sulaiman ;</subfield><subfield code="d">Received: 10/17/1968 ;</subfield><subfield code="e">(Sulaiman 690713-156)</subfield></datafield><datafield tag="546" ind1=" " ind2=" "><subfield code="a">Arabic.</subfield></datafield><datafield tag="561" ind1=" " ind2=" "><subfield code="a">Extensive glosses and marginal corrections.</subfield></datafield><datafield tag="650" ind1=" " ind2="0"><subfield code="a">Manuscripts, Arabic</subfield><subfield code="z">Michigan</subfield><subfield code="z">Ann Arbor.</subfield></datafield><datafield tag="650" ind1=" " ind2="0"><subfield code="a">Sufism</subfield><subfield code="v">Prayers and devotions</subfield><subfield code="v">Early works to 1800.</subfield></datafield><datafield tag="650" ind1=" " ind2="0"><subfield code="a">Islam</subfield><subfield code="v">Prayers and devotions</subfield><subfield code="v">Early works to 1800.</subfield></datafield><datafield tag="700" ind1="0" ind2="2"><subfield code="6">880-05</subfield><subfield code="a">ʻAbd al-Salām bin Mashīsh,</subfield><subfield code="d">1163?-1225?</subfield><subfield code="t">Ṣalāh al-Mashīshīyah.</subfield></datafield><datafield tag="773" ind1="0" ind2=" "><subfield code="a">Sulaiman Purchase Collection.</subfield></datafield><datafield tag="880" ind1="0" ind2="2"><subfield code="6">700-05/</subfield><subfield code="a">عبد السلام بن مشيش.</subfield><subfield code="t">صلاة المشيشية.</subfield></datafield><datafield tag="880" ind1="1" ind2="0"><subfield code="6">245-03/</subfield><subfield code="a">دلائل الخيرات وشوارق الانوار في ذكر الصلاة على النبي المختار,</subfield><subfield code="f">[القرن 18م؟].</subfield></datafield><datafield tag="880" ind1="1" ind2=" "><subfield code="6">100-01/</subfield><subfield code="a">جزولي، محمد بن سليمان.</subfield></datafield><datafield tag="CID" ind1=" " ind2=" "><subfield code="a">006834357</subfield></datafield><datafield tag="DAT" ind1="0" ind2=" "><subfield code="a">20190719102641.0</subfield><subfield code="b">20190719000000.0</subfield></datafield><datafield tag="DAT" ind1="1" ind2=" "><subfield code="a">20190719090653.0</subfield><subfield code="b">2019-07-19T16:12:25Z</subfield></datafield><datafield tag="DAT" ind1="2" ind2=" "><subfield code="a">2015-10-10T18:00:06Z</subfield></datafield><datafield tag="CAT" ind1=" " ind2=" "><subfield code="a">SDR-MIU</subfield><subfield code="d">EX LIBRIS - ALEPH</subfield><subfield code="l">prepare.pl-004-008</subfield></datafield><datafield tag="FMT" ind1=" " ind2=" "><subfield code="a">BK</subfield></datafield><datafield tag="HOL" ind1=" " ind2=" "><subfield code="0">sdr-miu006834357</subfield><subfield code="a">MiU</subfield><subfield code="b">SDR</subfield><subfield code="c">MIU</subfield><subfield code="p">mdp.39015079132083</subfield><subfield code="s">MIU</subfield><subfield code="1">006834357</subfield></datafield><datafield tag="974" ind1=" " ind2=" "><subfield code="b">MIU</subfield><subfield code="c">MIU</subfield><subfield code="d">20190719</subfield><subfield code="s">lit-dlps-dc</subfield><subfield code="u">mdp.39015079132083</subfield><subfield code="y">1799</subfield><subfield code="r">pd</subfield><subfield code="q">bib</subfield><subfield code="t">non-US bib date1 &lt; 1879</subfield></datafield></record></collection>